<record><leader>00000cas a2200000 a 4500</leader><controlfield tag="001">12607308</controlfield><controlfield tag="008">850927d19111927ksudn ne      0    0eng c</controlfield><datafield ind1=" " ind2=" " tag="010"><subfield code="a">sn 85032557 </subfield></datafield><datafield ind1=" " ind2=" " tag="040"><subfield code="a">KSH</subfield><subfield code="b">eng</subfield><subfield code="c">KSH</subfield><subfield code="d">NPT</subfield><subfield code="d">DLC</subfield><subfield code="d">CRL</subfield><subfield code="d">OCL</subfield><subfield code="d">OCLCQ</subfield><subfield code="d">CUI</subfield><subfield code="d">OCLCQ</subfield><subfield code="d">OCLCF</subfield></datafield><datafield ind1="1" ind2=" " tag="029"><subfield code="a">AU@</subfield><subfield code="b">000022166185</subfield></datafield><datafield ind1=" " ind2=" " tag="042"><subfield code="a">pcc</subfield></datafield><datafield ind1=" " ind2=" " tag="043"><subfield code="a">n-us-ks</subfield></datafield><datafield ind1="0" ind2="0" tag="050"><subfield code="a">Newspaper 7000</subfield></datafield><datafield ind1=" " ind2="4" tag="050"><subfield code="a">AN</subfield></datafield><datafield ind1="0" ind2=" " tag="130"><subfield code="a">Wichita daily eagle (Wichita, Kan. : 1911)</subfield></datafield><datafield ind1="1" ind2="4" tag="245"><subfield code="a">The Wichita daily eagle.</subfield></datafield><datafield ind1="3" ind2="0" tag="246"><subfield code="a">Wichita Sunday eagle</subfield></datafield><datafield ind1="1" ind2="7" tag="246"><subfield code="a">Wichita eagle</subfield></datafield><datafield ind1=" " ind2=" " tag="260"><subfield code="a">Wichita, Kan. :</subfield><subfield code="b">V. Murdock,</subfield><subfield code="c">1911-1927.</subfield></datafield><datafield ind1=" " ind2=" " tag="300"><subfield code="a">30 v. :</subfield><subfield code="b">ill. ;</subfield><subfield code="c">59 cm.</subfield></datafield><datafield ind1=" " ind2=" " tag="310"><subfield code="a">Daily (except Mon.)</subfield></datafield><datafield ind1="0" ind2=" " tag="362"><subfield code="a">Vol. 54, no. 12 (June 6, 1911)-v. 83, no. 91 (Mar. 28, 1927).</subfield></datafield><datafield ind1=" " ind2=" " tag="500"><subfield code="a">Sunday edition called: Wichita Sunday eagle.</subfield></datafield><datafield ind1=" " ind2=" " tag="500"><subfield code="a">Published by: Marcellus M. Murdock, Nov. 8, 1913-Jan. 11, 1915; Victoria Murdock estate, Jan. 13, 1915-Jan. 6, 1920; M.M. Murdock, Jan. 7, 1920-Mar. 28, 1927.</subfield></datafield><datafield ind1=" " ind2=" " tag="500"><subfield code="a">"Independent."</subfield></datafield><datafield ind1=" " ind2=" " tag="525"><subfield code="a">Supplements included.</subfield></datafield><datafield ind1=" " ind2=" " tag="530"><subfield code="a">Also issued on microfilm from Bell &amp; Howell Co., Micro Photo Division.</subfield></datafield><datafield ind1=" " ind2=" " tag="580"><subfield code="a">Issued also in weekly edition called: Weekly eagle.</subfield></datafield><datafield ind1=" " ind2="0" tag="651"><subfield code="a">Wichita (Kan.)</subfield><subfield code="v">Newspapers.</subfield></datafield><datafield ind1=" " ind2="0" tag="651"><subfield code="a">Sedgwick County (Kan.)</subfield><subfield code="v">Newspapers.</subfield></datafield><datafield ind1=" " ind2="7" tag="655"><subfield code="a">Newspapers.</subfield><subfield code="2">fast</subfield><subfield code="0">(OCoLC)fst01423814</subfield></datafield><datafield ind1=" " ind2="7" tag="651"><subfield code="a">Kansas</subfield><subfield code="z">Sedgwick County.</subfield><subfield code="2">fast</subfield><subfield code="0">(OCoLC)fst01209406</subfield></datafield><datafield ind1=" " ind2="7" tag="651"><subfield code="a">Kansas</subfield><subfield code="z">Wichita.</subfield><subfield code="2">fast</subfield><subfield code="0">(OCoLC)fst01207210</subfield></datafield><datafield ind1=" " ind2=" " tag="752"><subfield code="a">United States</subfield><subfield code="b">Kansas</subfield><subfield code="c">Sedgwick</subfield><subfield code="d">Wichita.</subfield></datafield><datafield ind1="1" ind2=" " tag="775"><subfield code="t">Weekly eagle</subfield><subfield code="w">(DLC)sn 85032578</subfield><subfield code="w">(OCoLC)12646439</subfield></datafield><datafield ind1="0" ind2="0" tag="780"><subfield code="t">Wichita eagle (Wichita, Kan. : 1906)</subfield><subfield code="w">(DLC)sn 85032556</subfield><subfield code="w">(OCoLC)12607453</subfield></datafield><datafield ind1="0" ind2="5" tag="780"><subfield code="t">Weekly eagle</subfield><subfield code="g">May 30, 1919</subfield><subfield code="w">(DLC)sn 85032578</subfield><subfield code="w">(OCoLC)12646439</subfield></datafield><datafield ind1="0" ind2="0" tag="785"><subfield code="t">Wichita eagle (Wichita, Kan. : 1927)</subfield><subfield code="w">(DLC)sn 83045677</subfield><subfield code="w">(OCoLC)9713061</subfield></datafield></record>